@JURISDICTION{reapportionment1789,
  TITLE         = {Reapportionment of representatives; Time and manner; Existing decennial census figures as basis; Statement by president; Duty of clerk},
  shorttitle    = {Reapportionment of representatives},
  CITATION      = {2 U.S. Code 2a},
  URL           = {https://www.law.cornell.edu/uscode/text/2/2a},
  DATE          = {1789}
}

@JURISDICTION{wesberryvsanders1964,
  TITLE         = {Wesberry v. {{Sanders}}},
  CITATION      = {376 U.S. 1},
  URL           = {https://www.oyez.org/cases/1963/22},
  DATE          = {1964}
}

@JURISDICTION{davisvbandemer1986,
  TITLE         = {Davis v. {{Bandemer}}},
  CITATION      = {478 U.S. 109},
  URL           = {https://www.oyez.org/cases/1985/84-1244},
  DATE          = {1986}
}

@JURISDICTION{wittmanvpersonhuballah2016,
  TITLE         = {{{Wittman}} v. {{Personhuballah}}},
  CITATION      = {578 U.S. \_},
  URL           = {https://www.oyez.org/cases/2015/14-1504},
  DATE          = {2016}
}